
@article{conti2014,
	title = {The 340B drug discount program: hospitals generate profits by expanding to reach more affluent communities},
	author = {Conti, Rena M.},
	year = {2014},
	month = {10},
	date = {2014-10},
	journal = {Health Affairs (Project Hope)},
	pages = {1786--1792},
	volume = {33},
	number = {10},
	doi = {10.1377/hlthaff.2014.0540},
	note = {PMID: 25288423
PMCID: PMC4591849},
	langid = {eng}
}

@techreport{mulcahy2014,
	title = {The 340B Prescription Drug Discount Program: Origins, Implementation, and Post-Reform Future},
	author = {Mulcahy, Andrew W.},
	year = {2014},
	month = {07},
	date = {2014-07-21},
	url = {https://www.rand.org/pubs/perspectives/PE121.html},
	langid = {en}
}

@misc{thomas,
	title = {How a Hospital Chain Used a Poor Neighborhood to Turn Huge Profits - The New York Times},
	author = {Thomas, Katie},
	url = {https://www.nytimes.com/2022/09/24/health/bon-secours-mercy-health-profit-poor-neighborhood.html}
}

@article{frakt2018,
	title = {A Little-Known Windfall for Some Hospitals, Now Facing Big Cuts},
	author = {Frakt, Austin},
	year = {2018},
	month = {08},
	date = {2018-08-29},
	journal = {The New York Times},
	url = {https://www.nytimes.com/2018/08/29/upshot/a-little-known-windfall-for-some-hospitals-now-facing-big-cuts.html},
	langid = {canadian}
}

@misc{communit,
	title = {Community Health Center Overview},
	url = {https://portal.ct.gov/DPH/Family-Health/Community-Health-Centers/Community-Health-Center-Overview},
	langid = {en}
}
